@online{esnet,
	author = {ESnet},
	title = {ESnet: Energy Sciences Network},
	date = {2020-09},
	keywords = {major},
	url = {https://www.es.net/}
}
@online{cern,
	author = {CERN},
	title = {CERN},
	date = {2020-09},
	keywords = {major},
	url = {https://home.cern/}
}
@online{perfsonar,
	author = {perfSONAR Project},
	title = {perfSONAR},
	date = {2020-09},
	keywords = {major},
	url = {https://www.perfsonar.net/}
}
@online{nx,
	author = {NetworkX},
	title = {NetworkX: Network Analysis in Python},
	date = {2020-09},
	keywords = {major},
	url = {https://networkx.github.io/}
}
@online{nxb,
	author = {NetworkX},
	title = {Bridge Components},
	date = {2020-09},
	keywords = {minor},
	url = {https://networkx.github.io/documentation/stable/reference/algorithms/generated/networkx.algorithms.connectivity.edge_kcomponents.bridge_components.html}
}
@online{nxk,
	author = {NetworkX},
	title = {k edge augmentation},
	date = {2020-09},
	keywords = {minor},
	url = {https://networkx.github.io/documentation/stable/reference/algorithms/generated/networkx.algorithms.connectivity.edge_augmentation.k_edge_augmentation.html}
}
@online{nxc,
	author = {NetworkX},
	title = {Centrality},
	date = {2020-09},
	keywords = {minor},
	url = {https://networkx.github.io/documentation/stable/reference/algorithms/centrality.html}
}
@online{mpl,
	authors = {John Hunter and Darren Dale and Eric Firing and Michael Droettboom and the Matplotlib development team},
	title = {Matplotlib: Visualization in Python},
	date = {2020-09},
	keywords = {major},
	url = {https://matplotlib.org/}
}
@online{bridge,
	author = {Wikipedia},
	title = {Bridge (graph theory)},
	date = {2020-09},
	keywords = {minor},
	url = {https://en.wikipedia.org/wiki/Bridge_(graph_theory)}
}
@online{centrality,
	author = {Wikipedia},
	title = {Centrality},
	date = {2020-09},
	keywords = {minor},
	url = {https://en.wikipedia.org/wiki/Centrality}}
}
@online{boundary,
	author = {Wikipedia},
	title = {Boundary (topology)},
	date = {2020-09},
	keywords = {minor},
	url = {https://en.wikipedia.org/wiki/Boundary_(topology)}
}
@online{hub,
	author = {Wikipedia},
	title = {Hub (network science)},
	date = {2020-09},
	keywords = {minor},
	url = {https://en.wikipedia.org/wiki/Hub_(network_science)}
}
@online{degree,
	author = {Wikipedia},
	title = {Degree (graph theory)},
	date = {2020-09},
	keywords = {minor},
	url = {https://en.wikipedia.org/wiki/Degree_(graph_theory)}
}
@online{connectivity,
	author = {Wikipedia},
	title = {Connectivity (graph theory)},
	date = {2020-09},
	keywords = {minor},
	url = {https://en.wikipedia.org/wiki/Connectivity_(graph_theory)}
}
@online{ip,
	author = {Wikipedia},
	title = {IP address},
	date = {2020-09},
	keywords = {minor},
	url = {https://en.wikipedia.org/wiki/IP_address}
}
@online{lhc,
	author = {CERN},
	title = {The Large Hadron Collider},
	date = {2020-09},
	keywords = {major},
	url = {https://home.cern/science/accelerators/large-hadron-collider}
}
@online{tcp,
	author = {Wikipedia},
	title = {Transmission Control Protocol},
	date = {2020-09},
	keywords = {minor},
	url = {https://en.wikipedia.org/wiki/Transmission_Control_Protocol}
}
@online{transatlantic,
	author = {Wikipedia},
	title = {Transatlantic communications cable},
	date = {2020-09},
	keywords = {minor},
	url = {https://en.wikipedia.org/wiki/Transatlantic_communications_cable}
}
@online{np,
	author = {NumPy},
	title = {NumPy: The fundamental package for scientific computing with Python},
	date = {2020-09},
	keywords = {major},
	url = {https://numpy.org/}
}
@online{pd,
	author = {pandas},
	title = {pandas},
	date = {2020-09},
	keywords = {major},
	url = {https://pandas.pydata.org/}
}
@online{es,
	author = {Elasticsearch},
	title = {Python Elasticsearch Client},
	date = {2020-09},
	keywords = {major},
	url = {https://elasticsearch-py.readthedocs.io/en/master/}
}
@online{query,
	author = {Elasticsearch},
	title = {Query DSL},
	date = {2020-09},
	keywords = {major},
	url = {https://www.elastic.co/guide/en/elasticsearch/reference/current/query-dsl.html}
}
@online{kibana,
	author = {Kibana},
	title = {Site-Based perfsonar General Breakdown},
	date = {2020-09},
	keywords = {major},
	url = {https://atlas-kibana.mwt2.org/s/networking}
}